<record><leader>00000cas a2200000 a 4500</leader><controlfield tag="001">11703209</controlfield><controlfield tag="008">850216d19611972hiuwr ne      0    0eng d</controlfield><datafield ind1=" " ind2=" " tag="010"><subfield code="a">sn 85047023 </subfield></datafield><datafield ind1=" " ind2=" " tag="040"><subfield code="a">HUH</subfield><subfield code="b">eng</subfield><subfield code="c">HUH</subfield><subfield code="d">HWN</subfield><subfield code="d">OCL</subfield><subfield code="d">OCLCQ</subfield><subfield code="d">OCLCF</subfield><subfield code="d">OCLCO</subfield></datafield><datafield ind1=" " ind2=" " tag="042"><subfield code="a">msc</subfield></datafield><datafield ind1=" " ind2=" " tag="043"><subfield code="a">n-us-hi</subfield></datafield><datafield ind1=" " ind2=" " tag="090"><subfield code="a">AN2</subfield><subfield code="b">.H352</subfield></datafield><datafield ind1="0" ind2=" " tag="130"><subfield code="a">Suburban press (Honolulu, Hawaii)</subfield></datafield><datafield ind1="1" ind2="0" tag="245"><subfield code="a">Suburban press.</subfield></datafield><datafield ind1="1" ind2="3" tag="246"><subfield code="a">Hawaii press.</subfield><subfield code="p">Suburban ed.</subfield><subfield code="f">Dec. 7, 1966-Nov. 8, 1967</subfield></datafield><datafield ind1=" " ind2=" " tag="260"><subfield code="a">[Honolulu, Hawaii :</subfield><subfield code="b">Hawaii Press Newspapers],</subfield><subfield code="c">1961-1971.</subfield></datafield><datafield ind1=" " ind2=" " tag="300"><subfield code="a">12 v. :</subfield><subfield code="b">ill. ;</subfield><subfield code="c">41-60 cm.</subfield></datafield><datafield ind1=" " ind2=" " tag="310"><subfield code="a">Weekly</subfield></datafield><datafield ind1="0" ind2=" " tag="362"><subfield code="a">Vol. 2, no. 43 (Oct. 25, 1961)-v. 13, no. 52 (Dec. 29, 1971).</subfield></datafield><datafield ind1=" " ind2=" " tag="500"><subfield code="a">Published as: Hawaii press. Suburban ed., Dec. 7, 1966-Nov. 8, 1967.</subfield></datafield><datafield ind1=" " ind2=" " tag="500"><subfield code="a">Published 196 - in Kailua, Oahu, Hawaii.</subfield></datafield><datafield ind1=" " ind2=" " tag="500"><subfield code="a">"Covering the area from Kaimuki to Koko Head."</subfield></datafield><datafield ind1=" " ind2=" " tag="515"><subfield code="a">Irregularities in vol. numbering.</subfield></datafield><datafield ind1=" " ind2=" " tag="580"><subfield code="a">Some issues for 1961-1963 include as separately dated section: Hawaii military press.</subfield></datafield><datafield ind1=" " ind2="0" tag="651"><subfield code="a">Honolulu (Hawaii)</subfield><subfield code="v">Periodicals.</subfield></datafield><datafield ind1=" " ind2="7" tag="655"><subfield code="a">Periodicals.</subfield><subfield code="2">fast</subfield><subfield code="0">(OCoLC)fst01411641</subfield></datafield><datafield ind1=" " ind2="7" tag="651"><subfield code="a">Hawaii</subfield><subfield code="z">Honolulu.</subfield><subfield code="2">fast</subfield><subfield code="0">(OCoLC)fst01204916</subfield></datafield><datafield ind1="0" ind2=" " tag="730"><subfield code="a">Hawaii military press.</subfield></datafield><datafield ind1=" " ind2=" " tag="752"><subfield code="a">United States</subfield><subfield code="b">Hawaii</subfield><subfield code="c">Honolulu</subfield><subfield code="d">Honolulu.</subfield></datafield><datafield ind1=" " ind2=" " tag="752"><subfield code="a">United States</subfield><subfield code="b">Hawaii</subfield><subfield code="c">Honolulu</subfield><subfield code="d">Kailua.</subfield></datafield><datafield ind1="0" ind2="0" tag="780"><subfield code="t">Coast and valley suburbanite</subfield><subfield code="w">(DLC)sn 85047022</subfield><subfield code="w">(OCoLC)11703200</subfield></datafield><datafield ind1="0" ind2="0" tag="785"><subfield code="t">Suburban sun press</subfield><subfield code="w">(DLC)sn 85047024</subfield><subfield code="w">(OCoLC)11703229</subfield></datafield><datafield ind1="1" ind2=" " tag="787"><subfield code="t">Hawaii military press</subfield><subfield code="w">(DLC)sn 85047027</subfield><subfield code="w">(OCoLC)11703179</subfield></datafield></record>